%% This BibTeX bibliography file was created using BibDesk.
%% http://bibdesk.sourceforge.net/


%% Created for Konstantinos Krampis at 2012-07-20 17:53:29 -0400 


%% Saved with string encoding Unicode (UTF-8) 



@article{Moorthie:2011ah,
	Author = {Sowmiya Moorthie and Christopher J. Mattocks and Caroline F. Wright},
	Date-Added = {2012-07-20 20:39:28 +0000},
	Date-Modified = {2012-07-20 20:39:28 +0000},
	Doi = {10.1007/s11568-011-9156-3},
	Journal = {The HUGO Journal},
	Pages = {1--12},
	Title = {Review of massively parallel DNA sequencing technologies},
	Volume = {5},
	Year = {2011},
	Bdsk-Url-1 = {http://www.springerlink.com/content/g050l8u29m3m1mk6/fulltext.pdf},
	Bdsk-Url-2 = {http://dx.doi.org/10.1007/s11568-011-9156-3}}

@misc{:oi,
	Date-Added = {2012-07-20 20:32:57 +0000},
	Date-Modified = {2012-07-20 20:32:57 +0000},
	Editor = {Naiara Rodr{\'\i}guez-Ezpeleta and Michael Hackenberg and Ana M. Aransay},
	Title = {Bioinformatics for High Throughput Sequencing},
	Bdsk-Url-1 = {http://www.springerlink.com/content/978-1-4614-0781-2/fulltext.pdf}}
